<record><leader>00000cas a2200000 a 4500</leader><controlfield tag="001">27019893</controlfield><controlfield tag="008">921123d19471986caucr ne      0    0eng c</controlfield><datafield ind1=" " ind2=" " tag="010"><subfield code="a">sn 92069489 </subfield></datafield><datafield ind1=" " ind2=" " tag="040"><subfield code="a">CUY</subfield><subfield code="b">eng</subfield><subfield code="c">CNK</subfield><subfield code="d">OCLCQ</subfield><subfield code="d">CNK</subfield><subfield code="d">OCLCQ</subfield><subfield code="d">OCLCF</subfield><subfield code="d">OCLCO</subfield></datafield><datafield ind1="1" ind2=" " tag="029"><subfield code="a">AU@</subfield><subfield code="b">000020736203</subfield></datafield><datafield ind1=" " ind2=" " tag="042"><subfield code="a">pcc</subfield></datafield><datafield ind1=" " ind2=" " tag="043"><subfield code="a">n-us-ca</subfield></datafield><datafield ind1="0" ind2="0" tag="245"><subfield code="a">Morgan Hill times, San Martin news.</subfield></datafield><datafield ind1="1" ind2="3" tag="246"><subfield code="a">Morgan Hill times and San Martin news</subfield></datafield><datafield ind1=" " ind2=" " tag="260"><subfield code="a">Morgan Hill, Calif. :</subfield><subfield code="b">R.W. Slauter</subfield></datafield><datafield ind1=" " ind2=" " tag="300"><subfield code="a">v.</subfield></datafield><datafield ind1=" " ind2=" " tag="310"><subfield code="a">Semiweekly,</subfield><subfield code="b">Dec. 1, 1970-Aug. 15, 1986</subfield></datafield><datafield ind1=" " ind2=" " tag="321"><subfield code="a">Weekly,</subfield><subfield code="b">May, 9, 1947-Nov. 26, 1970</subfield></datafield><datafield ind1="0" ind2=" " tag="362"><subfield code="a">Vol. 48, no. 56 (May 9, 1947)-v. 63, no. 44 (Dec. 29, 1960) ; v. 67, no. 41 (Jan. 5, 1961)-v. 93, no. 36 (Aug. 15, 1986).</subfield></datafield><datafield ind1=" " ind2=" " tag="515"><subfield code="a">Issues for May 9, 1947-Feb. 11, 1960 called also: whole nos. 2771-3260.</subfield></datafield><datafield ind1=" " ind2=" " tag="530"><subfield code="a">Master negatives are available for duplication from:</subfield><subfield code="b">California Newspaper Microfilm Archive;</subfield><subfield code="c">positive copies may be purchased by the reel; for further information consult the CNMA at:</subfield><subfield code="u">http://cbsr.ucr.edu</subfield></datafield><datafield ind1=" " ind2="0" tag="651"><subfield code="a">Morgan Hill (Calif.)</subfield><subfield code="v">Newspapers.</subfield></datafield><datafield ind1=" " ind2="0" tag="651"><subfield code="a">San Martin (Calif.)</subfield><subfield code="v">Newspapers.</subfield></datafield><datafield ind1=" " ind2="7" tag="655"><subfield code="a">Newspapers.</subfield><subfield code="2">fast</subfield><subfield code="0">(OCoLC)fst01423814</subfield></datafield><datafield ind1=" " ind2="7" tag="651"><subfield code="a">California</subfield><subfield code="z">Morgan Hill.</subfield><subfield code="2">fast</subfield><subfield code="0">(OCoLC)fst01215509</subfield></datafield><datafield ind1=" " ind2="7" tag="651"><subfield code="a">California</subfield><subfield code="z">San Martin.</subfield><subfield code="2">fast</subfield><subfield code="0">(OCoLC)fst01255988</subfield></datafield><datafield ind1=" " ind2=" " tag="752"><subfield code="a">United States</subfield><subfield code="b">California</subfield><subfield code="c">Santa Clara</subfield><subfield code="d">Morgan Hill.</subfield></datafield><datafield ind1="0" ind2="0" tag="780"><subfield code="t">Times (Morgan Hill, Calif. : 1937)</subfield><subfield code="w">(DLC)sn 92069488</subfield></datafield><datafield ind1="0" ind2="0" tag="785"><subfield code="t">Morgan Hill times (Morgan Hill, Calif. : 1986)</subfield><subfield code="w">(DLC)sn 98061904</subfield></datafield></record>